








@misc{enedis_data_portal,
	author       = {{Enedis}},
	title        = {Portail de Données Ouvertes - Enedis},
	year         = {2025},
	howpublished = {\url{https://data.enedis.fr/explore/?source=shared&sort=modified&exclude.theme=Divers&exclude.theme=Donn%C3%A9es\%20sp%C3%A9cifiques\%20Corse\%20et\%20Outre-mer}},
	note         = {Consulté le 18 juin 2025},
	keywords     = {données ouvertes, consommation électrique, France, Enedis, séries temporelles}
}

@misc{enedis_conso_inf36,
	author       = {{Enedis}},
	title        = {Consommation électrique régionale ? clients résidentiels en puissance inférieure à 36 kVA},
	year         = {2025},
	howpublished = {\url{https://data.enedis.fr/explore/dataset/conso-inf36-region/information/}},
	note         = {Consulté le 18 juin 2025},
	keywords     = {données ouvertes, consommation électrique, clients résidentiels, France, Enedis, inf36, région}
}

@misc{enedis_coefficients_profils,
	author       = {{Enedis}},
	title        = {Coefficients des profils de consommation électrique},
	year         = {2025},
	howpublished = {\url{https://data.enedis.fr/explore/dataset/coefficients-des-profils/information/?disjunctive.sous_profil}},
	note         = {Consulté le 18 juin 2025},
	keywords     = {données ouvertes, consommation électrique, profils, Enedis, coefficients}
}

@misc{wikipedia_energyforecasting,
	title        = {Energy forecasting},
	author       = {{Wikipedia contributors}},
	year         = {2025},
	howpublished = {\url{https://en.wikipedia.org/wiki/Energy_forecasting}},
	note         = {Accessed: 2025-06-18}
}

@misc{meteofrance_data_portail,
	author       = {{Météo-France}},
	title        = {Données météo issues de stations synoptiques - France métropolitaine et outre-mer},
	howpublished = {\url{https://meteo.data.gouv.fr/datasets/6569b4473bedf2e7abad3b72}},
	note         = {Accédé en juillet 2025},
	year         = {2025}
}

@misc{meteofrance_climatologiques_horaires,
	author       = {Météo-France},
	title        = {Données climatologiques de base horaires},
	year         = {2024},
	howpublished = {\url{https://www.data.gouv.fr/fr/datasets/donnees-climatologiques-de-base-horaires/}},
	note         = {Accès aux données horaires issues du réseau synoptique de Météo-France, incluant température, humidité, vent et autres paramètres météo en France métropolitaine. Consulté en 2024.}
}

@misc{meteofrance_rayon_vent_2024,
	author       = {Météo-France},
	title        = {Rayonnement solaire global et vitesse du vent à 100 mètres tri-horaires régionaux depuis janvier 2016},
	year         = {2024},
	howpublished = {\url{https://www.data.gouv.fr/fr/datasets/rayonnement-solaire-global-et-vitesse-du-vent-a-100-metres-tri-horaires-regionaux-depuis-janvier-2016/}},
	note         = {Données tri-horaires régionales issues du modèle atmosphérique de Météo-France : rayonnement global et vitesse du vent à 100?m pour la France métropolitaine. Consulté en 2024.}
}

@misc{enedis_nb_clients,
	author       = {{Enedis}},
	title        = {Note externe - JDD Article 23-4.pdf},
	howpublished = {\url{https://data.enedis.fr/explore/dataset/nb-clients-inf-36/information/}},
	note         = {2018-05-17},
	year         = {2018}
}

@misc{responsable_equilibre2024,
	title     = {Règles de Marché ? Chapitre 3 : Dispositif de Responsable d?Équilibre},
	howpublished = {Document réglementaire RTE France, Version 01 en vigueur au 1er avril 2024},
	year      = {2024},
	note      = {Disponible sur le site de RTE France},
	url       = {https://www.services-rte.com/fr/consultations-reglementaires.html}
}



@manual{statsmodels2024,
	title        = {statsmodels.tsa.seasonal.seasonal\_decompose},
	author       = {Seabold, Skipper and Perktold, Josef and others},
	year         = {2024},
	note         = {Accessed: 2025-06-26},
	url          = {https://www.statsmodels.org/stable/generated/statsmodels.tsa.seasonal.seasonal_decompose.html},
	organization = {statsmodels developers},
	howpublished = {\url{https://www.statsmodels.org/stable/generated/statsmodels.tsa.seasonal.seasonal_decompose.html}},
}



@article{comte1981,
	author  = {D. M. L. Comte and H. E. Warren},
	title   = {Modeling the impact of summer temperatures on national electricity consumption},
	journal = {Journal of Applied Meteorology and Climatology},
	volume  = {20},
	number  = {12},
	pages   = {1415--1419},
	year    = {1981},
	doi     = {10.1175/1520-0450}
}

@article{spliid1983,
	author  = {H. Spliid},
	title   = {A fast estimation method for the vector autoregressive moving average model with exogenous variables},
	journal = {Journal of the American Statistical Association},
	volume  = {78},
	number  = {384},
	pages   = {843--849},
	year    = {1983}
}


@article{kwiatkowski1992,
	author  = {D. Kwiatkowski and P. C. Phillips and P. Schmidt and Y. Shin},
	title   = {Testing the null hypothesis of stationarity against the alternative of a unit root: How sure are we that economic time series have a unit root?},
	journal = {Journal of Econometrics},
	volume  = {54},
	number  = {1--3},
	pages   = {159--178},
	year    = {1992},
	doi     = {10.1016/0304-4076(92)90104-Y}
}

@article{harvey1993,
	author  = {A. Harvey and S. J. Koopman},
	title   = {Forecasting hourly electricity demand using time-varying splines},
	journal = {Journal of the American Statistical Association},
	volume  = {88},
	number  = {424},
	pages   = {1228--1236},
	year    = {1993}
}

@book{hamilton1994time,
	author    = {James D. Hamilton},
	title     = {Time Series Analysis},
	year      = {1994},
	publisher = {Princeton University Press},
	address   = {Princeton, NJ},
	isbn      = {9780691042893}
}


@article{cancelo1996,
	author  = {J. R. Cancelo and A. Espasa},
	title   = {Modelling and forecasting daily series of electricity demand},
	journal = {Investigacion Economica},
	volume  = {20},
	pages   = {359--376},
	year    = {1996}
}

@article{lamedica1996,
	author  = {R. Lamedica and A. Prudenzi and M. Sforna and M. Caciotta and V. Cencelli},
	title   = {A neural network based technique for short-term forecasting of anomalous load periods},
	journal = {IEEE Transactions on Power Systems},
	volume  = {11},
	number  = {4},
	pages   = {1749--1756},
	year    = {1996},
	doi     = {10.1109/59.544638}
}


@article{henley1997,
	author  = {A. Henley and J. Peirson},
	title   = {Non-linearities in electricity demand and temperature: Parametric versus non-parametric methods},
	journal = {Oxford Bulletin of Economics and Statistics},
	volume  = {59},
	number  = {1},
	pages   = {149--162},
	year    = {1997}
}

@article{fla1998,
	author  = {P. Flandrin},
	title   = {Temps-Fréquence},
	year      = {1998},
	edition   = {deuxième édition revue et corrigée},
	publisher = {Hermes},
	address   = {Paris}
}


@article{dickey1979,
	author = {Dickey, D. A. and Fuller, W. A.},
	title = {Distribution of the estimators for autoregressive time series with a unit root},
	journal = {Journal of the American Statistical Association},
	volume = {74},
	number = {366},
	pages = {427--431},
	year = {1979},
	doi = {10.2307/2286348}
}

@article{kpss1992,
	author = {Kwiatkowski, D. and Phillips, P. C. B. and Schmidt, P. and Shin, Y.},
	title = {Testing the null hypothesis of stationarity against the alternative of a unit root},
	journal = {Journal of Econometrics},
	volume = {54},
	number = {1-3},
	pages = {159--178},
	year = {1992},
	doi = {10.1016/0304-4076(92)90104-Y}
}

@article{phillips1988,
	author = {Phillips, P. C. B. and Perron, P.},
	title = {Testing for a unit root in time series regression},
	journal = {Biometrika},
	volume = {75},
	number = {2},
	pages = {335--346},
	year = {1988},
	doi = {10.1093/biomet/75.2.335}
}


@Article {Huang98,
	author = {Huang, Norden E. and Shen, Zheng and Long, Steven R. and Wu, Manli C. and Shih, Hsing H. and Zheng, Quanan and Yen, Nai-Chyuan and Tung, Chi Chao and Liu, Henry H.},
	title = {The empirical mode decomposition and the Hilbert spectrum for nonlinear and non-stationary time series analysis},
	OPTvolume = {454},
	pages = {903--995},
	year = {1998},
	publisher = {The Royal Society},
	journal = {Proceedings of the Royal Society of London A: Mathematical, Physical and Engineering Sciences}
}

@article{park2020,
	author  = {R.-J. Park and K.-B. Song and B.-S. Kwon},
	title   = {Short-term load forecasting algorithm using a similar day selection method based on reinforcement learning},
	journal = {Energies},
	volume  = {13},
	number  = {10},
	pages   = {2640},
	year    = {2020},
	doi     = {10.3390/en13102640}
}

@article{smith2000,
	author  = {M. Smith},
	title   = {Modeling and short-term forecasting of New South Wales electricity system load},
	journal = {Journal of Business \& Economic Statistics},
	volume  = {18},
	number  = {4},
	pages   = {465--478},
	year    = {2000}
}


@article{hippert2001,
	author  = {H. S. Hippert and C. E. Pedreira and R. C. Souza},
	title   = {Neural networks for short-term load forecasting: A review and evaluation},
	journal = {IEEE Transactions on Power Systems},
	volume  = {16},
	number  = {1},
	pages   = {44--55},
	year    = {2001}
}

@article{valor2001,
	author  = {E. Valor and V. Meneu and V. Caselles},
	title   = {Daily air temperature and electricity load in Spain},
	journal = {Journal of Applied Meteorology},
	volume  = {40},
	pages   = {1413--1421},
	year    = {2001}
}


@article{pardo2002,
	author  = {A. Pardo and V. Meneu and E. Valor},
	title   = {Temperature and seasonality influences on Spanish electricity load},
	journal = {Energy Economics},
	volume  = {24},
	number  = {1},
	pages   = {55--70},
	year    = {2002},
	doi     = {10.1016/S0140-9883(01)00082-2}
}


@article{taylor2003weather,
	author = {Taylor, J. W. and Buizza, R.},
	title = {Using weather ensemble predictions in electricity demand forecasting},
	journal = {International Journal of Forecasting},
	volume = {19},
	number = {1},
	pages = {57--70},
	year = {2003},
	doi = {10.1016/S0169-2070(01)00137-6}
}


@article{metaxiotis2003,
	author  = {K. Metaxiotis and A. Kagiannas and D. Askounis and J. Psarras},
	title   = {Artificial intelligence in short term electric load forecasting: a state-of-the-art survey for the researcher},
	journal = {Energy Conversion and Management},
	volume  = {44},
	number  = {9},
	pages   = {1525--1534},
	year    = {2003},
	doi     = {10.1016/S0196-8904(02)00148-6}
}

@article{taylor2003,
	author  = {J. Taylor},
	title   = {Short-term electricity demand forecasting using double seasonal exponential smoothing},
	journal = {Journal of Operational Research Society},
	volume  = {54},
	pages   = {799--805},
	year    = {2003},
	doi     = {10.1057/palgrave.jors.2601589}
}

@book{chatfield2003analysis,
	author    = {Chris Chatfield},
	title     = {The Analysis of Time Series: An Introduction},
	edition   = {6th},
	year      = {2003},
	publisher = {Chapman and Hall/CRC},
	isbn      = {9781584883173}
}


@article{abdel-aal2004short,
	author    = {R. Abdel-Aal},
	title     = {Short-term hourly load forecasting using abductive networks},
	journal   = {IEEE Transactions on Power Systems},
	volume    = {19},
	pages     = {164--173},
	year      = {2004},
	doi       = {10.1109/TPWRS.2003.820695},
	abstract  = {This paper explores the use of abductive networks for hourly electricity load forecasting, demonstrating competitive performance with traditional statistical approaches.}
}


@article{hippert2005,
	author  = {H. Hippert and D. Bunn and R. Souza},
	title   = {Large neural networks for electricity load forecasting: Are they overfitted?},
	journal = {International Journal of Forecasting},
	volume  = {21},
	number  = {3},
	pages   = {425--434},
	year    = {2005},
	doi     = {10.1016/j.ijforecast.2004.12.004}
}



@article{topalli2006,
	author  = {A. Topalli and I. Erkmen and I. Topalli},
	title   = {Intelligent short-term load forecasting in Turkey},
	journal = {International Journal of Electrical Power \& Energy Systems},
	volume  = {28},
	pages   = {437--447},
	year    = {2006},
	doi     = {10.1016/j.ijepes.2006.02.004}
}

@article{taylor2006,
	author  = {J. W. Taylor and L. M. de Menezes and P. E. McSharry},
	title   = {A comparison of univariate methods for forecasting electricity demand up to a day ahead},
	journal = {International Journal of Forecasting},
	volume  = {22},
	number  = {1},
	pages   = {1--16},
	year    = {2006},
	doi     = {10.1016/j.ijforecast.2005.06.006}
}

@article{soares2006,
	author  = {L. J. Soares and L. R. Souza},
	title   = {Forecasting electricity demand using generalized long memory},
	journal = {International Journal of Forecasting},
	volume  = {22},
	number  = {1},
	pages   = {17--28},
	year    = {2006},
	doi     = {10.1016/j.ijforecast.2005.09.004}
}



@article{chan2006,
	author  = {Z. S. Chan and H. Ngan and A. B. Rad and A. K. David and N. K. Kasabov},
	title   = {Short-term ANN load forecasting from limited data using generalization learning strategies},
	journal = {Neurocomputing},
	volume  = {70},
	number  = {1},
	pages   = {409--419},
	year    = {2006},
	doi     = {10.1016/j.neucom.2005.12.131}
}

@inproceedings{grenier2006,
	author  = {M. Grenier},
	title   = {Short-term load forecasting at Hydro-Québec TransÉnergie},
	booktitle = {2006 IEEE Power Engineering Society General Meeting},
	pages   = {5--pp},
	publisher = {IEEE},
	year    = {2006}
}


@article{methaprayoon2007,
	author  = {K. Methaprayoon and W.-J. Lee and S. Rasmiddatta and J. R. Liao and R. J. Ross},
	title   = {Multistage artificial neural network short-term load forecasting engine with front-end weather forecast},
	journal = {IEEE Transactions on Industry Applications},
	volume  = {43},
	number  = {6},
	pages   = {1410--1416},
	year    = {2007},
	doi     = {10.1109/TIA.2007.908190}
}

@article{brunet2007spatial,
	author    = {Brunet, Manuela and Jones, Philip D. and Sigró, Javier and Saladie, Oriol},
	title     = {Spatial analysis of French monthly temperature trends},
	journal   = {International Journal of Climatology},
	volume    = {27},
	number    = {2},
	pages     = {205--223},
	year      = {2007},
	publisher = {Wiley},
	doi       = {10.1002/joc.1399}
}

@article{quintana2008safran,
	author    = {Quintana-Seguí, Pere and Le Moigne, Patrick and Durand, Yves and Martin, Eric and Habets, Florence and Baillon, Marie and Canellas, Cécile and Franchisteguy, Laurent and Morel, Sophie},
	title     = {Analysis of Near-Surface Atmospheric Variables in France from the SAFRAN Analysis},
	journal   = {International Journal of Climatology},
	volume    = {28},
	number    = {8},
	pages     = {1119--1131},
	year      = {2008},
	publisher = {Wiley},
	doi       = {10.1002/joc.1750}
}

@article{alves2008input,
	author    = {A. P. Alves da Silva and V. H. Ferreira and R. M. Velasquez},
	title     = {Input space to neural network based load forecasters},
	journal   = {International Journal of Forecasting},
	volume    = {24},
	number    = {4},
	pages     = {616--629},
	year      = {2008},
	abstract  = {The authors investigate the impact of different input space configurations on the performance of neural network-based electricity load forecasting models.}
}

@article{beccali2008short,
	author    = {M. Beccali and M. Cellura and V. Lo Brano and A. Marvuglia},
	title     = {Short-term prediction of household electricity consumption: Assessing weather sensitivity in a Mediterranean area},
	journal   = {Renewable and Sustainable Energy Reviews},
	volume    = {12},
	number    = {8},
	pages     = {2040--2065},
	year      = {2008},
	doi       = {10.1016/j.rser.2007.04.010},
	abstract  = {The study evaluates the influence of weather conditions on short-term electricity demand in Mediterranean households using statistical analysis.}
}



@article{cancelo2008,
	author  = {J. R. Cancelo and A. Espasa and R. Grafe},
	title   = {Forecasting the electricity load from one day to one week ahead for the Spanish system operator},
	journal = {International Journal of Forecasting},
	volume  = {24},
	number  = {4},
	pages   = {588--602},
	year    = {2008}
}


@article{gould2008,
	author  = {P. G. Gould and A. B. Koehler and J. K. Ord and R. D. Snyder and R. J. Hyndman and F. Vahid-Araghi},
	title   = {Forecasting time series with multiple seasonal patterns},
	journal = {European Journal of Operational Research},
	volume  = {191},
	number  = {1},
	pages   = {207--222},
	year    = {2008},
	doi     = {10.1016/j.ejor.2007.08.024}
}


@article{lauret2008,
	author  = {P. Lauret and E. Fock and R. N. Randrianarivony and J.-F. Manicom-Ramsamy},
	title   = {Bayesian neural network approach to short time load forecasting},
	journal = {Energy Conversion and Management},
	volume  = {49},
	number  = {5},
	pages   = {1156--1166},
	year    = {2008},
	doi     = {10.1016/j.enconman.2007.09.009}
}


@article{soares2008,
	author  = {L. J. Soares and M. C. Medeiros},
	title   = {Modeling and forecasting short-term electricity load: A comparison of methods with an application to Brazilian data},
	journal = {International Journal of Forecasting},
	volume  = {24},
	number  = {4},
	pages   = {630--644},
	year    = {2008}
}


@article{taylor2008,
	author  = {J. Taylor},
	title   = {An evaluation of methods for very short-term load forecasting using minute-by-minute British data},
	journal = {International Journal of Forecasting},
	volume  = {24},
	pages   = {645--658},
	year    = {2008},
	doi     = {10.1016/j.ijforecast.2008.07.007}
}



@incollection{refaeilzadeh2009,
	author    = {P. Refaeilzadeh and L. Tang and H. Liu},
	title     = {Cross-validation},
	booktitle = {Encyclopedia of Database Systems},
	editor    = {L. Liu and M. T. Özsu},
	pages     = {532--538},
	publisher = {Springer US},
	year      = {2009}
}


@book{soliman2010electric,
	title     = {Electric Load Forecasting: Fundamentals and Best Practices},
	author    = {Soliman, Soliman Abdel-Hady and Al-Kandari, Ahmad M.},
	year      = {2010},
	publisher = {Springer},
	address   = {Boston, MA},
	isbn      = {978-1-4419-7571-3},
	doi       = {10.1007/978-1-4419-7572-0},
	url       = {https://doi.org/10.1007/978-1-4419-7572-0}
}

@article{hippert2010,
	author  = {H. S. Hippert and J. W. Taylor},
	title   = {An evaluation of Bayesian techniques for controlling model complexity and selecting inputs in a neural network for short-term load forecasting},
	journal = {Neural Networks},
	volume  = {23},
	number  = {3},
	pages   = {386--395},
	year    = {2010},
	doi     = {10.1016/j.neunet.2009.11.016}
}


@inproceedings{nair2010,
	author  = {V. Nair and G. Hinton},
	title   = {Rectified linear units improve restricted Boltzmann machines},
	booktitle = {Proceedings of the 27th International Conference on Machine Learning},
	pages   = {807--814},
	year    = {2010}
}


@article{pappas2010,
	author  = {S. Pappas and L. Ekonomou and P. Karampelas and D. Ch and S. Katsikas and G. Chatzarakis and P. Skafidas},
	title   = {Electricity demand load forecasting of the Hellenic power system using an ARMA model},
	journal = {Electric Power Systems Research},
	volume  = {80},
	pages   = {256--264},
	year    = {2010},
	doi     = {10.1016/j.epsr.2009.09.006}
}


@article{lee2011,
	author  = {C.-M. Lee and C.-N. Ko},
	title   = {Short-term load forecasting using lifting scheme and ARIMA models},
	journal = {Expert Systems with Applications},
	volume  = {38},
	pages   = {5902--5911},
	year    = {2011},
	doi     = {10.1016/j.eswa.2010.11.033}
}


@article{sadat2012,
	author  = {S. S. Sadat Hosseini and A. H. Gandomi},
	title   = {Short-term load forecasting of power systems by gene expression programming},
	journal = {Neural Computing and Applications},
	volume  = {21},
	number  = {2},
	pages   = {377--389},
	year    = {2012},
	doi     = {10.1007/s00521-010-0444-y}
}


@article{fan2012additive,
	author = {Fan, S. and Hyndman, R. J.},
	title = {Short-term load forecasting based on a semi-parametric additive model},
	journal = {IEEE Transactions on Power Systems},
	volume = {27},
	number = {1},
	pages = {134--141},
	year = {2012},
	doi = {10.1109/TPWRS.2011.2158046}
}

@article{bouzerdoum2013hybrid,
	author = {Bouzerdoum, M. and Mellit, A. and Massi Pavan, A.},
	title = {A hybrid model (SARIMA?SVM) for short-term power forecasting of a small-scale grid-connected photovoltaic plant},
	journal = {Solar Energy},
	volume = {98},
	pages = {226--235},
	year = {2013},
	doi = {10.1016/j.solener.2013.09.011}
}


@article{kouhi2013,
	author  = {S. Kouhi and F. Keynia},
	title   = {A new cascade NN based method to short-term load forecast in deregulated electricity market},
	journal = {Energy Conversion and Management},
	volume  = {71},
	pages   = {76--83},
	year    = {2013},
	doi     = {10.1016/j.enconman.2013.03.014}
}


@article{hernandez2013,
	author  = {L. Hernández and C. Baladrón and J. M. Aguiar and L. Calavia and B. Carro and A. Sánchez-Esguevillas and J. Sanjuán and Á. González and J. Lloret},
	title   = {Improved short-term load forecasting based on two-stage predictions with artificial neural networks in a microgrid environment},
	journal = {Energies},
	volume  = {6},
	number  = {9},
	pages   = {4489--4507},
	year    = {2013},
	doi     = {10.3390/en6094489}
}

@article{matijas2013,
	author  = {M. Matijas and J. Suykens and S. Krajcar},
	title   = {Load forecasting using a multivariate meta-learning system},
	journal = {Expert Systems with Applications},
	volume  = {40},
	pages   = {4427--4437},
	year    = {2013},
	doi     = {10.1016/j.eswa.2013.01.047}
}


@article{hong2014gefcom,
	author = {Hong, T. and Pinson, P. and Fan, S.},
	title = {Global Energy Forecasting Competition 2012},
	journal = {International Journal of Forecasting},
	volume = {30},
	number = {2},
	pages = {357--363},
	year = {2014},
	doi = {10.1016/j.ijforecast.2013.07.001}
}

@article{santamouris2015,
	author  = {M. Santamouris and C. Cartalis and A. Synnefa and D. Kolokotsa},
	title   = {On the impact of urban heat island and global warming on the power demand and electricity consumption of buildings?a review},
	journal = {Energy and Buildings},
	volume  = {98},
	pages   = {119--124},
	year    = {2015}
}


@article{cecati2015novel,
	author    = {C. Cecati and J. Kolbusz and P. Ró¿ycki and P. Siano and B. M. Wilamowski},
	title     = {A novel RBF training algorithm for short-term electric load forecasting and comparative studies},
	journal   = {IEEE Transactions on Industrial Electronics},
	volume    = {62},
	number    = {10},
	pages     = {6519--6529},
	year      = {2015},
	doi       = {10.1109/TIE.2015.2424399},
	abstract  = {This paper introduces a new training algorithm for radial basis function networks and benchmarks it against existing methods for electric load prediction.}
}




@article{cecati2015,
	author  = {C. Cecati and J. Kolbusz and P. Ró¿ycki and P. Siano and B. M. Wilamowski},
	title   = {A novel RBF training algorithm for short-term electric load forecasting and comparative studies},
	journal = {IEEE Transactions on Industrial Electronics},
	volume  = {62},
	number  = {10},
	pages   = {6519--6529},
	year    = {2015},
	doi     = {10.1109/TIE.2015.2424399}
}


@book{box2015time,
	author    = {George E. P. Box and Gwilym M. Jenkins and Gregory C. Reinsel and Greta M. Ljung},
	title     = {Time Series Analysis: Forecasting and Control},
	edition   = {5th},
	year      = {2015},
	publisher = {John Wiley \& Sons},
	isbn      = {9781118675021}
}


@book{brockwell2016,
	author    = {Peter J. Brockwell and Richard A. Davis},
	title     = {Time Series: Theory and Methods},
	publisher = {Springer},
	year      = {2016},
	edition   = {2nd},
	series    = {Springer Series in Statistics},
	isbn      = {978-3319298528},
	url       = {https://link.springer.com/book/10.1007/978-3-319-29854-2}
}


@article{clements2016,
	author  = {A. E. Clements and A. Hurn and Z. Li},
	title   = {Forecasting day-ahead electricity load using a multiple equation time series approach},
	journal = {European Journal of Operational Research},
	volume  = {251},
	number  = {2},
	pages   = {522--530},
	year    = {2016}
}


@misc{mabille2016,
	author  = {J. Mabille and S. Corlay and W. Vollprecht},
	title   = {xtensor: A C++ library for multi-dimensional arrays with broadcasting and lazy computing},
	year    = {2016},
	howpublished = {\\url{https://github.com/xtensor-stack/xtensor.git}}
}


@article{gs2016,
	author  = {A. Gs and K. Shiruru},
	title   = {Short term load forecasting methods, a comparative study},
	journal = {International Journal of Advance Research and Innovative Ideas in Education},
	volume  = {1},
	pages   = {31--37},
	year    = {2016}
}

@article{panapakidis2016,
	author  = {I. P. Panapakidis},
	title   = {Application of hybrid computational intelligence models in short-term bus load forecasting},
	journal = {Expert Systems with Applications},
	volume  = {54},
	pages   = {105--120},
	year    = {2016},
	doi     = {10.1016/j.eswa.2016.01.034}
}

@article{offiah2020review,
	author  = {Offiah, Ikechukwu and Emetu, Collins and others},
	title   = {Electricity Load Forecasting: A Systematic Review},
	journal = {Journal of Electrical Systems and Information Technology},
	volume  = {7},
	number  = {1},
	year    = {2020},
	pages   = {1?19},
	doi     = {10.1186/s43067-020-00020-w},
	url     = {https://jesit.springeropen.com/articles/10.1186/s43067-020-00020-w}
}


@article{tarsitano2017,
	author  = {A. Tarsitano and I. Amerise},
	title   = {Short-term load forecasting using a two-stage SARIMAX model},
	journal = {Energy},
	volume  = {133},
	year    = {2017},
	doi     = {10.1016/j.energy.2017.05.126}
}


@article{muggeo2017,
	author  = {V. M. Muggeo},
	title   = {Interval estimation for the breakpoint in segmented regression: a smoothed score-based approach},
	journal = {Australian \& New Zealand Journal of Statistics},
	volume  = {59},
	pages   = {311--322},
	year    = {2017}
}




@article{osunmakinde2017shortterm,
	title   = {Short-Term Multiple Forecasting of Electric Energy Loads using Granular Data-driven Models},
	author  = {Osunmakinde, Isaac and Alani, Olayinka},
	journal = {International Journal of Energy and Power Engineering},
	volume  = {11},
	number  = {2},
	pages   = {107?115},
	year    = {2017},
	url     = {https://www.researchgate.net/publication/317220981}
}


@book{shumway2017time,
	author    = {Robert H. Shumway and David S. Stoffer},
	title     = {Time Series Analysis and Its Applications: With R Examples},
	edition   = {4th},
	year      = {2017},
	publisher = {Springer},
	address   = {New York},
	isbn      = {9783319524511},
	doi       = {10.1007/978-3-319-52452-8}
}


@article{cornes2018ensemble,
	author    = {Cornes, Richard C. and van der Schrier, Gerard and van den Besselaar, Evert JM and Jones, Phil D.},
	title     = {An ensemble version of the E-OBS temperature and precipitation datasets},
	journal   = {Journal of Geophysical Research: Atmospheres},
	volume    = {123},
	number    = {17},
	pages     = {9391--9409},
	year      = {2018},
	doi       = {10.1029/2017JD028200},
	publisher = {Wiley Online Library}
}


@article{makridakis2018,
	author  = {S. Makridakis and E. Spiliotis and V. Assimakopoulos},
	title   = {The M4 competition: Results, findings, conclusion and way forward},
	journal = {International Journal of Forecasting},
	volume  = {34},
	number  = {4},
	pages   = {802--808},
	year    = {2018}
}


@article{rafiei2018,
	author  = {M. Rafiei and T. Niknam and J. Aghaei and M. Shafie-Khah and J. P. Catal?o},
	title   = {Probabilistic load forecasting using an improved wavelet neural network trained by generalized extreme learning machine},
	journal = {IEEE Transactions on Smart Grid},
	volume  = {9},
	number  = {6},
	pages   = {6961--6971},
	year    = {2018}
}

@article{zhang2018novel,
author    = {X. Zhang and J. Wang},
title     = {A novel decomposition-ensemble model for forecasting short-term load-time series with multiple seasonal patterns},
journal   = {Applied Soft Computing},
volume    = {65},
pages     = {478--494},
year      = {2018},
abstract  = {Presents a novel ensemble method combining decomposition techniques to handle multiple seasonalities in short-term electricity load forecasting.}
}




@article{maldonado2019,
	author  = {S. Maldonado and A. González and S. Crone},
	title   = {Automatic time series analysis for electric load forecasting via support vector regression},
	journal = {Applied Soft Computing},
	volume  = {83},
	pages   = {105616},
	year    = {2019}
}


@article{oreshkin2019,
	author  = {B. N. Oreshkin and D. Carpov and N. Chapados and Y. Bengio},
	title   = {N-BEATS: Neural basis expansion analysis for interpretable time series forecasting},
	journal = {arXiv preprint arXiv:1905.10437},
	year    = {2019}
}




@article{feng2019,
	author  = {C. Feng and M. Sun and J. Zhang},
	title   = {Reinforced deterministic and probabilistic load forecasting via Q-learning dynamic model selection},
	journal = {IEEE Transactions on Smart Grid},
	volume  = {11},
	number  = {2},
	pages   = {1377--1386},
	year    = {2019}
}

@article{lopez2019,
	author  = {M. López and C. Sans and S. Valero and C. Senabre},
	title   = {Classification of special days in short-term load forecasting: The Spanish case study},
	journal = {Energies},
	volume  = {12},
	pages   = {1253},
	year    = {2019},
	doi     = {10.3390/en12071253}
}


@article{oreshkin2019nbeats,
	title={N-BEATS: Neural basis expansion analysis for interpretable time series forecasting},
	author={Oreshkin, Boris N. and Carpov, Dmitri and Chapados, Nicolas and Bengio, Yoshua},
	journal={arXiv preprint arXiv:1905.10437},
	year={2019}
}



@article{feng2020probabilistic,
	title={Probabilistic load forecasting via Q-learning model selection},
	author={Feng, C. and Zhang, J.},
	journal={IEEE Transactions on Smart Grid},
	volume={11},
	number={2},
	pages={1377--1386},
	year={2020}
}


@misc{remy2020,
	author  = {P. Remy},
	title   = {N-BEATS: Neural basis expansion analysis for interpretable time series forecasting},
	year    = {2020},
	howpublished = {\\url{https://github.com/philipperemy/n-beats}}
}



@article{feng2020,
	author  = {C. Feng and J. Zhang},
	title   = {Assessment of aggregation strategies for machine-learning based short-term load forecasting},
	journal = {Electric Power Systems Research},
	volume  = {184},
	pages   = {106304},
	year    = {2020}
}


@misc{meteofrance2021normales,
	author    = {Météo-France},
	title     = {Les normales climatiques 1991?2020 en France métropolitaine},
	year      = {2021},
	howpublished = {\url{https://meteofrance.com/actualites/les-nouvelles-normales-climatiques-1991-2020}},
	note      = {Accessed: 2024-06-25}
}


@article{lin2021,
	author  = {W. Lin and D. Wu and B. Boulet},
	title   = {Spatial-temporal residential short-term load forecasting via graph neural networks},
	journal = {IEEE Transactions on Smart Grid},
	volume  = {12},
	number  = {6},
	pages   = {5373--5384},
	year    = {2021}
}


@article{lim2021temporal,
	title={Temporal Fusion Transformers for Interpretable Multi-horizon Time Series Forecasting},
	author={Lim, Bryan and Zohren, Stefan and Roberts, Stephen},
	journal={International Journal of Forecasting},
	year={2021}
}


@techreport{marchand2021,
	author  = {A. Marchand and A. Zinflou},
	title   = {Implémentation du modèle N-BEATS pour la prévision de la demande},
	institution = {Institut de recherche d?Hydro-Québec (IREQ)},
	year    = {2021},
	type    = {Rapport technique}
}


@book{hyndman2021forecasting,
	author    = {Rob J. Hyndman and George Athanasopoulos},
	title     = {Forecasting: Principles and Practice},
	year      = {2021},
	edition   = {3rd},
	publisher = {OTexts},
	url       = {https://otexts.com/fpp3/},
	note      = {Disponible gratuitement en ligne}
}


@article{lopez2022,
	author  = {M. López and C. Sans and S. Valero},
	title   = {Automatic classification of special days for short-term load forecasting},
	journal = {Electric Power Systems Research},
	volume  = {202},
	pages   = {107533},
	year    = {2022},
	doi     = {10.1016/j.epsr.2021.107533}
}



@misc{montel2022,
	author  = {M. Montel and others},
	title   = {python-holidays v0.14.2},
	year    = {2022},
	howpublished = {\\url{https://github.com/dr-prodigy/python-holidays}}
}

@article{nassif2022,
	author  = {A. B. Nassif and B. Soudan and M. Azzeh and I. B. Attilli and O. AlMulla},
	title   = {Artificial intelligence and statistical techniques in short-term load forecasting: A review},
	journal = {CoRR},
	volume  = {abs/2201.00437},
	year    = {2022},
	note    = {Available at \url{https://arxiv.org/abs/2201.00437}}
}

@article{tgdlF2_2022,
	author    = {Jiaxin Gao and Wenbo Hu and Dongxiao Zhang and Yuntian Chen},
	title     = {TgDLF2.0: Theory?guided deep?learning for electrical load forecasting via Transformer and transfer learning},
	journal   = {arXiv preprint arXiv:2210.02448},
	year      = {2022}
}


@article{aouad2022cnn,
	author    = {M. Aouad and H. Hajj and K. Shaban and R. A. Jabr and W. El-Hajj},
	title     = {A cnn-sequence-to-sequence network with attention for residential short-term load forecasting},
	journal   = {Electric Power Systems Research},
	volume    = {211},
	pages     = {108152},
	year      = {2022},
	abstract  = {Proposes a CNN-based seq2seq architecture with attention mechanisms for residential load forecasting, achieving improved accuracy compared to baseline models.}
}


@article{ahmed2022emd,
	author    = {A. Ahmed and Y. Serrestou and K. Raoof and J.-F. Diouris},
	title     = {Empirical Mode Decomposition-Based Feature Extraction for Environmental Sound Classification},
	journal   = {Sensors},
	volume    = {22},
	number    = {20},
	pages     = {7717},
	year      = {2022},
	month     = {October},
	doi       = {10.3390/s22207717},
	url       = {https://doi.org/10.3390/s22207717}
}

@article{hammad2022review,
	author = {Hammad, M. A. and Khan, M. J.},
	title = {Short-Term Load Forecasting with Weather Data: A Review},
	journal = {Energies},
	volume = {15},
	number = {3},
	pages = {972},
	year = {2022},
	doi = {10.3390/en15030972}
}

@mastersthesis{david2023prevision,
	author       = {David, Charline},
	title        = {Prévision à court terme du besoin électrique québécois},
	school       = {Université du Québec à Montréal},
	type         = {Mémoire de maîtrise en informatique},
	year         = {2023},
	address      = {Montréal, Québec},
	url          = {https://archipel.uqam.ca/17193/1/M18168.pdf},
	abstract     = {Ce mémoire présente une étude sur la prévision du besoin énergétique au Québec sur les 24 prochaines heures, à partir de huit années de données historiques de consommation. Inspiré du modèle à équations multiples de Clements, Hurn et Li (2016), il intègre des variables météorologiques (nébulosité, vitesse du vent) issues de plusieurs stations régionales. Le modèle atteint un MAPE de 1,32?% en validation.},
	keywords     = {prévision, consommation électrique, séries temporelles, modèles à équations multiples, météo, Québec}
}

@article{eitl_review2023,
	author    = {Author et al.},
	title     = {Review of multiple load forecasting methods for integrated energy systems},
	journal   = {Energy Research Frontiers},
	year      = {2023},
	doi       = {10.3389/fenrg.2023.1296800}
}


@article{li2023transformer,
	title={Transformer-based load forecasting models: A comprehensive review},
	author={Li, Q. and Zhang, H. and Yang, X.},
	journal={Energy Reports},
	year={2023},
	volume={9},
	pages={122?140}
}

@article{eitl_review2023,
	author    = {Author et al.},
	title     = {Review of multiple load forecasting methods for integrated energy systems},
	journal   = {Energy Research Frontiers},
	year      = {2023},
	doi       = {10.3389/fenrg.2023.1296800}
}

@article{adaptive_transformer_building_2023,
	author    = {Gao et al.},
	title     = {An adaptive deep?learning load forecasting framework by integrating transformer and domain knowledge},
	journal   = {Advances in Applied Energy},
	volume    = {10},
	pages     = {100142},
	year      = {2023}
}

@article{tft_load_2023,
	author    = {Elena Giacomazzi and Felix Haag and Konstantin Hopf},
	title     = {Short-Term Electricity Load Forecasting Using the Temporal Fusion Transformer: Effect of Grid Hierarchies and Data Sources},
	journal   = {arXiv preprint arXiv:2305.10559},
	year      = {2023}
}

@article{da_lstm_2023,
	author    = {Firas Bayram and Phil Aupke and Bestoun S. Ahmed and Andreas Kassler and Andreas Theocharis and Jonas Forsman},
	title     = {DA?LSTM: A Dynamic Drift?Adaptive Learning Framework for Interval Load Forecasting with LSTM Networks},
	journal   = {arXiv preprint arXiv:2305.08767},
	year      = {2023}
}

@article{fed_transformer_2023,
	author    = {Jonas Sievers and Thomas Blank},
	title     = {Secure short-term load forecasting for smart grids with transformer?based federated learning},
	journal   = {arXiv preprint arXiv:2310.17477},
	year      = {2023}
}


@article{systematic_review_residential_2023,
	author    = {Filipe Rodrigues and Carlos Cardeira and Jo?o M. F. Calado and Rui Melicio},
	title     = {Short-Term Load Forecasting of Electricity Demand for the Residential Sector Based on Modelling Techniques: A Systematic Review},
	journal   = {Energies},
	volume    = {16},
	pages     = {4098},
	year      = {2023}
}






@article{hybrid_invtransformer2024,
	author    = {Zhewei Huang and Yawen Yi},
	title     = {Short-Term Load Forecasting for Regional Smart Energy Systems Based on Two?Stage Feature Extraction and Hybrid Inverted Transformer},
	journal   = {Sustainability},
	volume    = {16},
	number    = {17},
	pages     = {7613},
	year      = {2024},
	doi       = {10.3390/su16177613}
}



@article{transformer_2024,
	author    = {Jun Wei Chan and Chai Kiat Yeo},
	title     = {A Transformer?based approach to electricity load forecasting},
	journal   = {The Electricity Journal},
	volume    = {37},
	number    = {2},
	pages     = {107370},
	year      = {2024},
	doi       = {10.1016/j.tej.2024.107370}
}

@article{residual_lstm_tcn_2024,
	author    = {Hongyi Li and Shenhao Li and Yuxin Wu and Yue Xiao and Zhichong Pan and Min Liu},
	title     = {Short-term power load forecasting for integrated energy system based on a residual and attentive LSTM?TCN hybrid network},
	journal   = {Frontiers in Energy Research},
	year      = {2024}
}



@article{mds_transformer_2024,
	author    = {Author et al.},
	title     = {Short-Term load forecasting for power systems with high?penetration using Multivariate Data Slicing Transformer},
	journal   = {Frontiers in Energy Research},
	year      = {2024}
}

@article{hybrid_cnn_lstm_transformer_2025,
	author    = {Author et al.},
	title     = {A Modified Energy Demand Forecasting Model using Hybrid CNN?LSTM?Transformer},
	journal   = {International Journal of Computers, Communications & Control},
	year      = {2025}
}

@article{stelF_survey_2024,
	author    = {Anonymous},
	title     = {Short-Term Electricity?Load Forecasting by Deep Learning},
	journal   = {ScienceDirect},
	year      = {2024}
}



@article{hybrid_stlf_nature_2024,
	author    = {Anonymous},
	title     = {Deep learning?driven hybrid model for Short-Term load forecasting},
	journal   = {Scientific Reports},
	year      = {2024}
}


@misc{ibm2024load,
	title        = {What is Load Forecasting?},
	author       = {{IBM}},
	year         = {2024},
	howpublished = {\url{https://www.ibm.com/topics/load-forecasting}},
	note         = {Accessed: 2025-06-18}
}


@techreport{aeso2024methodology,
	author       = {{Alberta Electric System Operator (AESO)}},
	title        = {Methodology, Risks and Drivers: Load Forecasting},
	year         = {2024},
	institution  = {AESO},
	howpublished = {\url{https://www.aeso.ca/market/market-and-system-reporting/load-forecasting/}},
	note         = {Accessed: 2025-06-18}
}


@article{autoformer2025,
	author    = {Imane Moustati and Noreddine Gherabi},
	title     = {Unveiling the Potential of Transformer?Based Models for Efficient Time?Series Energy Forecasting},
	journal   = {Journal of Advances in Information Technology},
	volume    = {16},
	number    = {5},
	pages     = {623?631},
	year      = {2025},
	doi       = {10.12720/jait.16.5.623}
}

@article{eemsst_transformer2025,
	author    = {Author et al.},
	title     = {Stacked Hybrid Model for Load Forecasting: Integrating Transformers and Fuzzy Logic Transform},
	journal   = {Scientific Reports},
	year      = {2025},
	doi       = {10.1038/s41598-025-04210-1}
}

@article{energy_demand_review2025,
	author    = {Author et al.},
	title     = {Electricity Demand Forecasting Methodologies and Applications},
	journal   = {SustainEnergy Research},
	year      = {2025},
	doi       = {10.1186/s40807-025-00149-z}
}



@article{hybrid_eemsst_2025,
	author    = {Anonymous},
	title     = {Stacked Hybrid Model for Load Forecasting: Integrating Transformers and Fuzzy Logic Transform},
	journal   = {Scientific Reports},
	year      = {2025}
}

@article{autoformer2025,
	author    = {Imane Moustati and Noreddine Gherabi},
	title     = {Unveiling the Potential of Transformer?Based Models for Efficient Time?Series Energy Forecasting},
	journal   = {Journal of Advances in Information Technology},
	volume    = {16},
	number    = {5},
	pages     = {623?631},
	year      = {2025},
	doi       = {10.12720/jait.16.5.623}
}





















